@article{hyman2006,
  title={Word-prosodic typology},
  author={Hyman, Larry M.},
  journal={Phonology},
  volume={23},
  number={2},
  pages={225--257},
  year={2006},
  publisher={Cambridge University Press},
  location={Cambridge, MA}
}

@book{hayes1995,
  title={Metrical stress theory: {Principles} and case studies},
  author={Hayes, Bruce},
  year={1995},
  publisher={University of Chicago Press},
  location={Chicago, IL}
}

@incollection{vanderhulst2009,
  title={Brackets and grid marks, or theories of primary accent and rhythm},
  author={van der Hulst, Harry},
  booktitle={Contemporary views on architecture and representations in phonological theory},
  pages={225--245},
  year={2009},
  publisher={MIT {Press}},
  location={Cambridge, MA},
  editor={Raimy, Eric and Cairns, Charles}
}

@article{vanderhulst1997,
  title={Primary accent is non-metrical},
  author={van der Hulst, Harry},
  journal={Rivista di Linguistica},
  volume={9},
  number={1},
  pages={99--127},
  year={1997}
}

@phdthesis{hayes1980,
  title={A metrical theory of stress rules},
  author={Hayes, Bruce},
  year={1980},
  school={MIT},
  location={Cambridge, MA}
}

@incollection{hyman2001,
  title={Tone systems},
  author={Hyman, Larry M.},
  booktitle={Language typology and language universals: an international handbook. {Vol} 2},
  pages={1367--1380},
  year={2001},
  publisher={de {Gruyter}},
  location={Berlin and New York},
  editor={Haspelmath, Martin and König, Ekkehard and Oesterreicher, Wulf and Raible, Wolfgang}
}

@book{trask1996,
  title={A dictionary of phonetics and phonology},
  author={Trask, Robert Lawrence},
  year={1996},
  publisher={Routledge},
  location={London and New York}
}

@book{scheer2012,
author={Scheer, Tobias},
year={2012},
maintitle={A {Lateral} {Theory} of phonology},
volume={2},
title={Direct {Interface} and {One-Channel} {Translation}},
address={Berlin},
publisher={De Gruyter Mouton}}

@article{klv1990,
  title={Constituent structure and government in phonology},
  author={Kaye, Jonathan, and Lowenstamm, Jean, and Vergnaud, Jean-Roger},
  journal={Phonology},
  volume={7},
  pages={193--231},
  year={1990}
}

@phdthesis{ulfs2014,
author={Ulfsbjorninn, Shanti},
year={2014},
title={A {Field} {Theory} of {Stress}: {The} role of empty nuclei in stress systems},
school={University of {London}}}

@article{alexei-ulfs2022,
  title={Metrical exceptionality and stress shift in Romanian nouns and adjectives},
  author={Alexei, Sofia and Ulfsbjorninn, Shanti},
  journal={Isogloss. {Open} {Journal} of {Romance} {Linguistics}},
  volume={8},
  number={1},
  pages={1--29},
  year={2022}
}

@article{enguehard2015,
  title={Stress as a morphological edge},
  author={Enguehard, Guillaume},
  journal={Proceedings of {ConSOLE} {XXIII}},
  pages={472--492},
  year={2015}
}

@article{larsen1998,
  title={Vowel length, {Raddoppiamento} {Sintattico} and the selection of the definite article in {Italian}},
  author={Larsen, Bergeton Uffe},
  journal={Langues et grammaire {II-III}, phonologie},
  pages={87--102},
  year={1998}
}

@article{scheersszigetvari2005,
author = {Szigetvári, Péter and Scheer, Tobias},
year = {2005},
title = {Unified representations for the syllable and stress},
volume = {22},
journal = {Phonology},
pages = {37--75}
}

@article{liberman-prince1977,
  title={On stress and linguistic rhythm},
  author={Liberman, Mark and Prince, Alan},
  journal={Linguistic inquiry},
  volume={8},
  number={2},
  pages={249--336},
  year={1977},
  publisher={MIT Press},
  location={Cambridge, MA}
}

@phdthesis{giavazzi2010,
  title={The phonetics of metrical prominence and its consequences on segmental phonology},
  author={Giavazzi, Maria},
  year={2010},
  school={MIT}
}

@article{enguehard2014,
  title={Consonant {Alternations}, {Weight} {Constraint} and {Stress} in {Southern} {Saami}},
  author={Enguehard, Guillaume},
  journal={Crossing Phonetics-Phonology Lines},
  location={Newcastle upon Tyne},
  publisher={Cambridge Scholars Publishing},
  pages={47--62},
  editor={Cyran, Eugeniusz and Szpyra-Kozłowska, Jolanta},
  year={2014}
}

@incollection{delacy2019,
  title={The feature [stress]},
  author={de Lacy, Paul},
  booktitle={African {Languages} in {Time} and {Space}: {A} {Festschrift} in {Honour} of {Professor} {Akinbiyi} {Akinlabi}},
  editor={Adeniyi, Harrisona and Adesola, Olyesye and Egbokhare, Francis and Urua, Eno-Abasi},
  year={2019}}
  
@book{roca1994,
  title={Generative phonology},
  author={Roca, Iggy},
  year={1994},
  publisher={Routledge},
  location={London and New York}
}
  
@incollection{segeral-scheer2008,
  title={The {Coda} {Mirror}, stress and positional parameters},
  author={S{\'e}g{\'e}ral, Philippe and Scheer, Tobias},
  booktitle={Lenition and fortition},
  editor={de Carvalho, Joaquim Branda{\~o} and Scheer, Tobias and S{\'e}g{\'e}ral, Philippe},
  pages={483--518},
  year={2008},
  publisher={Mouton de Gruyter},
  location={Berlin}
}


%PRINCE A. (1976), "Applying stress", ms. MIT.
%
%VERGNAUD J.-R. & M. HALLE (1978), "Metrical structures in phonology", unpubli- shed ms. MIT, Cambridge, Massachusetts.
